<?xml version="1.0" encoding="UTF-8"?><collection xmlns="http://www.loc.gov/MARC21/slim"><record><leader>00596nam--2200181-i-4500</leader><controlfield tag="001">000016109</controlfield><controlfield tag="002">20161230</controlfield><controlfield tag="005">20161230201031</controlfield><controlfield tag="008">060222s1000------------r-----000-0-rum-d</controlfield><datafield ind1=" " ind2=" " tag="040"><subfield code="a">IFIN-HH</subfield></datafield><datafield ind1=" " ind2=" " tag="041"><subfield code="a">rum</subfield></datafield><datafield ind1=" " ind2=" " tag="080"><subfield code="a">53(021)</subfield></datafield><datafield ind1="1" ind2=" " tag="100"><subfield code="a">Cisman, Alexandru</subfield></datafield><datafield ind1="1" ind2="0" tag="245"><subfield code="a">Fizica generala. ii: unde elastice si acustica, electrostatica, cimpul magnetic, electromagnetismul, curentul alternativ, unde electromagnetice si elemente de radiocomunicatii</subfield><subfield code="c">Alexandru cisman</subfield></datafield><datafield ind1=" " ind2=" " tag="260"><subfield code="a">Bucuresti</subfield><subfield code="b">Editura Tehnica</subfield><subfield code="c">1960</subfield></datafield><datafield ind1=" " ind2=" " tag="300"><subfield code="a">576 P</subfield></datafield><datafield ind1=" " ind2=" " tag="852"><subfield code="a">76956</subfield><subfield code="c">53</subfield></datafield><datafield ind1=" " ind2=" " tag="CAT"><subfield code="a">Sys</subfield><subfield code="c">20150813</subfield><subfield code="h">151757</subfield></datafield></record></collection>